% Encoding: UTF-8

@Article{Ashkin1977,
  author    = {A. Ashkin and J. M. Dziedzic},
  title     = {{Observation of Resonances in the Radiation Pressure on Dielectric Spheres}},
  journal   = {Physical Review Letters},
  year      = {1977},
  volume    = {38},
  number    = {23},
  pages     = {1351--1354},
  month     = {jun},
  doi       = {10.1103/physrevlett.38.1351},
  publisher = {American Physical Society ({APS})},
}

@Article{Ashkin1986,
  author    = {A. Ashkin and J. M. Dziedzic and J. E. Bjorkholm and Steven Chu},
  title     = {Observation of a single-beam gradient force optical trap for dielectric particles},
  journal   = {Optics Letters},
  year      = {1986},
  volume    = {11},
  number    = {5},
  pages     = {288},
  month     = {may},
  doi       = {10.1364/ol.11.000288},
  publisher = {The Optical Society},
}

@Article{Neto2000,
  author    = {P. A. Maia Neto and H. M Nussenzveig},
  title     = {Theory of optical tweezers},
  journal   = {Europhysics Letters ({EPL})},
  year      = {2000},
  volume    = {50},
  number    = {5},
  pages     = {702--708},
  month     = {jun},
  doi       = {10.1209/epl/i2000-00327-4},
  publisher = {{IOP} Publishing},
}

@Article{Mazolli2003,
  author    = {A. Mazolli and P. A. Maia Neto and H. M. Nussenzveig},
  title     = {Theory of trapping forces in optical tweezers},
  journal   = {Proceedings of the Royal Society of London. Series A: Mathematical, Physical and Engineering Sciences},
  year      = {2003},
  volume    = {459},
  number    = {2040},
  pages     = {3021--3041},
  month     = {dec},
  doi       = {10.1098/rspa.2003.1164},
  publisher = {The Royal Society},
}

@Article{Viana2006,
  author    = {N. B. Viana and A. Mazolli and P. A. Maia Neto and H. M. Nussenzveig and M. S. Rocha and O. N. Mesquita},
  title     = {Absolute calibration of optical tweezers},
  journal   = {Applied Physics Letters},
  year      = {2006},
  volume    = {88},
  number    = {13},
  pages     = {131110},
  month     = {mar},
  doi       = {10.1063/1.2189148},
  publisher = {{AIP} Publishing},
}

@Article{Viana2007,
  author        = {N. B. Viana and M. S. Rocha and O. N. Mesquita and A. Mazolli and P. A. Maia Neto and H. M. Nussenzveig},
  title         = {Towards absolute calibration of optical tweezers},
  journal       = {Physical Review E},
  year          = {2007},
  volume        = {75},
  number        = {2},
  month         = {feb},
  __markedentry = {[arthurluna:]},
  doi           = {10.1103/physreve.75.021914},
  publisher     = {American Physical Society ({APS})},
}

@Article{Dutra2007,
  author    = {R S Dutra and N B Viana and P A Maia Neto and H M Nussenzveig},
  title     = {Polarization effects in optical tweezers},
  journal   = {Journal of Optics A: Pure and Applied Optics},
  year      = {2007},
  volume    = {9},
  number    = {8},
  pages     = {S221--S227},
  month     = {jul},
  doi       = {10.1088/1464-4258/9/8/s15},
  publisher = {{IOP} Publishing},
}

@Article{Dutra2014,
  author    = {R. S. Dutra and N. B. Viana and P. A. Maia Neto and H. M. Nussenzveig},
  title     = {Absolute calibration of forces in optical tweezers},
  journal   = {Physical Review A},
  year      = {2014},
  volume    = {90},
  number    = {1},
  month     = {jul},
  doi       = {10.1103/physreva.90.013825},
  publisher = {American Physical Society ({APS})},
}

@Article{Bliokh2015,
  author    = {K. Y. Bliokh and F. J. Rodr{\'{\i}}guez-Fortu{\~{n}}o and F. Nori and A. V. Zayats},
  title     = {Spin{\textendash}orbit interactions of light},
  journal   = {Nature Photonics},
  year      = {2015},
  volume    = {9},
  number    = {12},
  pages     = {796--808},
  month     = {nov},
  doi       = {10.1038/nphoton.2015.201},
  publisher = {Springer Nature},
}

@Article{Ashkin1970,
  author    = {A. Ashkin},
  title     = {Acceleration and Trapping of Particles by Radiation Pressure},
  journal   = {Physical Review Letters},
  year      = {1970},
  volume    = {24},
  number    = {4},
  pages     = {156--159},
  month     = {jan},
  doi       = {10.1103/physrevlett.24.156},
  publisher = {American Physical Society ({APS})},
}

@PhdThesis{Mazolli,
  author = {A. Mazolli},
  title  = {Teoria das Pin\c{c}as {\'{O}}ticas},
  school = {Universidade Federal do Rio de Janeiro},
  year   = {2003},
}

@PhdThesis{Dutra,
  author = {Rafael de Sousa Dutra},
  title  = {Parametrizando uma Pin\c{c}a \'{O}tica: Efeitos de Aberra\c{c}\~{o}es e Absor\c{c}\~{a}o},
  school = {Universidade Federal do Rio de Janeiro},
  year   = {2011},
}

@Article{Diniz2019,
  author    = {K. Diniz and R. S. Dutra and L. B. Pires and N. B. Viana and H. M. Nussenzveig and P. A. Maia Neto},
  title     = {Negative optical torque on a microsphere in optical tweezers},
  journal   = {Optics Express},
  year      = {2019},
  volume    = {27},
  number    = {5},
  pages     = {5905},
  month     = {feb},
  doi       = {10.1364/oe.27.005905},
  publisher = {The Optical Society},
}

@Book{Jackson1998,
  title     = {Classical Electrodynamics},
  publisher = {John Wiley \& Sons Inc},
  year      = {1998},
  author    = {Jackson, John David},
  isbn      = {047130932X},
  date      = {1998-07-27},
  ean       = {9780471309321},
  pagetotal = {832},
  url       = {https://www.ebook.de/de/product/3240907/john_david_jackson_classical_electrodynamics.html},
}

@Article{1959a,
  author    = {B. Richards and E. Wolf},
  title     = {Electromagnetic diffraction in optical systems, {II}. Structure of the image field in an aplanatic system},
  journal   = {Proceedings of the Royal Society of London. Series A. Mathematical and Physical Sciences},
  year      = {1959},
  volume    = {253},
  number    = {1274},
  pages     = {358--379},
  month     = {dec},
  doi       = {10.1098/rspa.1959.0200},
  publisher = {The Royal Society},
}

@Book{A2007,
  title     = {Optical Trapping and Manipulation of Neutral Particles Using Lasers: A Reprint Volume with Commentaries},
  publisher = {WORLD SCIENTIFIC PUB CO INC},
  year      = {2007},
  author    = {Arthur Ashkin},
  isbn      = {9810240589},
  date      = {2007-04-01},
  ean       = {9789810240585},
  pagetotal = {914},
  url       = {https://www.ebook.de/de/product/3762039/optical_trapping_and_manipulation_of_neutral_particles_using_lasers_a_reprint_volume_with_commentaries.html},
}

@Book{lorenz1890,
  title     = {Lysbev{\ae}gelsen i og uden for en af plane Lysb{\o}lger belyst Kugle},
  publisher = {na},
  year      = {1890},
  author    = {Lorenz, Louis},
}

@MastersThesis{Diniz,
  author = {Kain\~{a} Gon\c{c}alves Diniz},
  title  = {Momento Angular de Spin em Pin\c{c}as \'{O}ticas},
  school = {Universidade Federal do Rio de Janeiro},
  year   = {2018},
}

@Article{Bliokh2011,
  author    = {Konstantin Y. Bliokh and Elena A. Ostrovskaya and Miguel A. Alonso and Oscar G. Rodr{\'{\i}}guez-Herrera and David Lara and Chris Dainty},
  title     = {Spin-to-orbital angular momentum conversion in focusing, scattering, and imaging systems},
  journal   = {Optics Express},
  year      = {2011},
  volume    = {19},
  number    = {27},
  pages     = {26132},
  month     = {dec},
  doi       = {10.1364/oe.19.026132},
  publisher = {The Optical Society},
}

@Book{Hecht,
  title     = {Optics},
  publisher = {Addison Wesley},
  year      = {2002},
  author    = {Eugene Hecht},
}

@Article{Ma2003,
  author    = {Xiaoyan Ma and Jun Q Lu and R Scott Brock and Kenneth M Jacobs and Ping Yang and Xin-Hua Hu},
  title     = {Determination of complex refractive index of polystyrene microspheres from 370 to 1610 nm},
  journal   = {Physics in Medicine and Biology},
  year      = {2003},
  volume    = {48},
  number    = {24},
  pages     = {4165--4172},
  month     = {dec},
  doi       = {10.1088/0031-9155/48/24/013},
  publisher = {{IOP} Publishing},
}

@Article{Novotny2001,
  author    = {Lukas Novotny and Robert D. Grober and Khaled Karrai},
  title     = {Reflected image of a strongly focused spot},
  journal   = {Optics Letters},
  year      = {2001},
  volume    = {26},
  number    = {11},
  pages     = {789},
  month     = {jun},
  doi       = {10.1364/ol.26.000789},
  publisher = {The Optical Society},
}

@Article{Ashkin1992,
  author    = {A. Ashkin},
  title     = {Forces of a single-beam gradient laser trap on a dielectric sphere in the ray optics regime},
  journal   = {Biophysical Journal},
  year      = {1992},
  volume    = {61},
  number    = {2},
  pages     = {569--582},
  month     = {feb},
  doi       = {10.1016/s0006-3495(92)81860-x},
  publisher = {Elsevier {BV}},
}

@Article{Ali2019,
  author        = {R. Ali and F. A. Pinheiro and F. S. S. Rosa and R. S. Dutra and P. A. Maia Neto},
  title         = {Enantioselective manipulation of chiral nanoparticles using optical tweezers},
  __markedentry = {[arthurluna:1]},
  abstract      = {We put forward a twofold enantioselective method for chiral nanoparticles using optical tweezers. First, we demonstrate that the optical trapping force in a typical, realistic optical tweezing setup with circularly-polarized trapping beams are sensitive to the chirality of core-shell nanoparticles, allowing for efficient enantioselection. Second, we propose another enantioselective method based on the rotation of core-shell chiral nanoparticle's equilibrium position under the effect of a transverse Stokes drag force. In this case, the chirality of the particle shell gives rise to an additional twist, thus leading to a strong enhancement of the optical torque driving the rotation. Both chiral resolution methods are shown to be robust against the variation of the size of the system and material parameters, suggesting it could be applied to a wide range of experimental situations, particularly those of biological interest for which optical tweezing is widely used. Our results provide alternative enantioselective mechanisms and pave the way for all-optical manipulation and enantiopure synthesis of chiral nanoparticles. In addition, they can also be applied in the characterization of chirality for testing existing methods of enantioselection.},
  date          = {2019-06-06},
  eprint        = {http://arxiv.org/abs/1906.02528v1},
  eprintclass   = {physics.optics},
  eprinttype    = {arXiv},
  file          = {:http\://arxiv.org/pdf/1906.02528v1:PDF},
  keywords      = {physics.optics},
}

@Article{Neves2019,
  author    = {Antonio Alvaro Ranha Neves and Carlos Lenz Cesar},
  title     = {Analytical calculation of optical forces on spherical particles in optical tweezers: tutorial},
  journal   = {Journal of the Optical Society of America B},
  year      = {2019},
  volume    = {36},
  number    = {6},
  pages     = {1525},
  month     = {may},
  doi       = {10.1364/josab.36.001525},
  publisher = {The Optical Society},
}

@Article{Callegari2015,
  author    = {Agnese Callegari and Mite Mijalkov and A. Burak G\"{o}k\"{o}z and Giovanni Volpe},
  title     = {Computational toolbox for optical tweezers in geometrical optics},
  journal   = {Journal of the Optical Society of America B},
  year      = {2015},
  volume    = {32},
  number    = {5},
  pages     = {B11},
  month     = {apr},
  doi       = {10.1364/josab.32.000b11},
  publisher = {The Optical Society},
}

@Article{Tlusty1998,
  author    = {Tsvi Tlusty and Amit Meller and Roy Bar-Ziv},
  title     = {Optical Gradient Forces of Strongly Localized Fields},
  journal   = {Physical Review Letters},
  year      = {1998},
  volume    = {81},
  number    = {8},
  pages     = {1738--1741},
  month     = {aug},
  doi       = {10.1103/physrevlett.81.1738},
  publisher = {American Physical Society ({APS})},
}

@Article{Rohrbach2001,
  author    = {Alexander Rohrbach and Ernst H. K. Stelzer},
  title     = {Optical trapping of dielectric particles in arbitrary fields},
  journal   = {Journal of the Optical Society of America A},
  year      = {2001},
  volume    = {18},
  number    = {4},
  pages     = {839},
  month     = {apr},
  doi       = {10.1364/josaa.18.000839},
  publisher = {The Optical Society},
}

@Article{Nieminen2007,
  author        = {Timo A Nieminen and Vincent L Y Loke and Alexander B Stilgoe and Gregor Kn\"{o}ner and Agata M Bra{\'{n}}czyk and Norman R Heckenberg and Halina Rubinsztein-Dunlop},
  title         = {Optical tweezers computational toolbox},
  journal       = {Journal of Optics A: Pure and Applied Optics},
  year          = {2007},
  volume        = {9},
  number        = {8},
  pages         = {S196--S203},
  month         = {jul},
  __markedentry = {[arthurluna:]},
  doi           = {10.1088/1464-4258/9/8/s12},
  publisher     = {{IOP} Publishing},
}

@Book{Gouesbet2011,
  title     = {Generalized Lorenz-Mie Theories},
  publisher = {Springer Berlin Heidelberg},
  year      = {2011},
  author    = {G{\'{e}}rard Gouesbet and G{\'{e}}rard Gr{\'{e}}han},
  doi       = {10.1007/978-3-642-17194-9},
}

@Article{Mie1908,
  author    = {Gustav Mie},
  title     = {Beitr{\"a}ge zur Optik tr{\"u}ber Medien, speziell kolloidaler Metall{\"o}sungen},
  journal   = {Annalen der Physik},
  year      = {1908},
  volume    = {330},
  number    = {3},
  pages     = {377--445},
  doi       = {10.1002/andp.19083300302},
  publisher = {Wiley},
}

@Article{Gouesbet1985,
  author    = {G Gouesbet and G Grehan and B Maheu},
  title     = {Scattering of a Gaussian beam by a Mie scatter center using a Bromwich formalism},
  journal   = {Journal of Optics},
  year      = {1985},
  volume    = {16},
  number    = {2},
  pages     = {83--93},
  month     = {mar},
  doi       = {10.1088/0150-536x/16/2/004},
  publisher = {{IOP} Publishing},
}

@Article{Polimeno2018,
  author    = {Paolo Polimeno and Alessandro Magazz{\`{u}} and Maria Antonia Iat{\`{\i}} and Francesco Patti and Rosalba Saija and Cristian Degli Esposti Boschi and Maria Grazia Donato and Pietro G. Gucciardi and Philip H. Jones and Giovanni Volpe and Onofrio M. Marag{\`{o}}},
  title     = {Optical tweezers and their applications},
  journal   = {Journal of Quantitative Spectroscopy and Radiative Transfer},
  year      = {2018},
  volume    = {218},
  pages     = {131--150},
  month     = {oct},
  doi       = {10.1016/j.jqsrt.2018.07.013},
  publisher = {Elsevier {BV}},
}

@Article{Davis1979,
  author    = {L. W. Davis},
  title     = {Theory of electromagnetic beams},
  journal   = {Physical Review A},
  year      = {1979},
  volume    = {19},
  number    = {3},
  pages     = {1177--1179},
  month     = {mar},
  doi       = {10.1103/physreva.19.1177},
  publisher = {American Physical Society ({APS})},
}

@Article{Mishchenko1996,
  author    = {Michael I. Mishchenko and Larry D. Travis and Daniel W. Mackowski},
  title     = {T-matrix computations of light scattering by nonspherical particles: A review},
  journal   = {Journal of Quantitative Spectroscopy and Radiative Transfer},
  year      = {1996},
  volume    = {55},
  number    = {5},
  pages     = {535--575},
  month     = {may},
  doi       = {10.1016/0022-4073(96)00002-7},
  publisher = {Elsevier {BV}},
}

@Article{Gouesbet2010,
  author    = {G. Gouesbet},
  title     = {T-matrix formulation and generalized Lorenz{\textendash}Mie theories in spherical coordinates},
  journal   = {Optics Communications},
  year      = {2010},
  volume    = {283},
  number    = {4},
  pages     = {517--521},
  month     = {feb},
  doi       = {10.1016/j.optcom.2009.10.092},
  publisher = {Elsevier {BV}},
}

@Book{Biedenharn2008,
  title     = {Angular Momentum in Quantum Physics},
  publisher = {Cambridge University Press},
  year      = {2008},
  author    = {Biedenharn, L. C. and Louck, James D. and Louck, J. D.},
  isbn      = {0521102448},
  date      = {2008-10-31},
  ean       = {9780521102445},
  pagetotal = {748},
  url       = {https://www.ebook.de/de/product/8102790/l_c_biedenharn_james_d_louck_j_d_louck_angular_momentum_in_quantum_physics.html},
}

@Comment{jabref-meta: databaseType:bibtex;}
